<mx:record xmlns="http://www.w3.org/TR/xhtml1/strict" xmlns:mx="http://www.loc.gov/MARC21/slim" xmlns:xsi="http://www.w3.org/2001/XMLSchema-instance"><mx:leader>00000nz   2200000n  0000</mx:leader><mx:controlfield tag="001">oca02769726 </mx:controlfield><mx:controlfield tag="005">19900627060851.3</mx:controlfield><mx:controlfield tag="008">900213n| acannaab|          |a aaa     c</mx:controlfield><mx:datafield ind1=" " ind2=" " tag="010"><mx:subfield code="a">nr 90002081</mx:subfield></mx:datafield><mx:datafield ind1=" " ind2=" " tag="040"><mx:subfield code="a">NjP</mx:subfield><mx:subfield code="c">NjP</mx:subfield></mx:datafield><mx:datafield ind1="0" ind2=" " tag="100"><mx:subfield code="a">Caesius Bassus,</mx:subfield><mx:subfield code="d">1st cent.</mx:subfield></mx:datafield><mx:datafield ind1="1" ind2=" " tag="400"><mx:subfield code="a">Bassus, Caesius,</mx:subfield><mx:subfield code="d">1st cent.</mx:subfield></mx:datafield><mx:datafield ind1=" " ind2=" " tag="670"><mx:subfield code="a">His Caesius Bassus, Atilius Fortunatianus, c1987:</mx:subfield><mx:subfield code="b">p. 7 (Roman poet and literary scholar)</mx:subfield></mx:datafield><mx:datafield ind1=" " ind2=" " tag="670"><mx:subfield code="a">Ox. class. dict., 2nd ed.</mx:subfield><mx:subfield code="b">(Bassus, Caesius, 1st cent.)</mx:subfield></mx:datafield><mx:datafield ind1=" " ind2=" " tag="670"><mx:subfield code="a">Kl. Pauly</mx:subfield><mx:subfield code="b">(Caesius Bassus)</mx:subfield></mx:datafield><mx:datafield ind1=" " ind2=" " tag="670"><mx:subfield code="a">LC class. PA</mx:subfield><mx:subfield code="b">(Caesius Bassus, 1st cent. C.E.)</mx:subfield></mx:datafield><mx:datafield ind1=" " ind2=" " tag="675"><mx:subfield code="a">Enc. Brit., 15th ed.;</mx:subfield><mx:subfield code="a">Crowell&amp;#039;s hdbk. class. lit.;</mx:subfield><mx:subfield code="a">New Cent. class. hdbk.</mx:subfield></mx:datafield><mx:datafield ind1=" " ind2=" " tag="999"><mx:subfield code="a">15</mx:subfield></mx:datafield></mx:record>